@inproceedings{CVC4,
  author    = {Morgan Deters and
               Andrew Reynolds and
               Tim King and
               Clark W. Barrett and
               Cesare Tinelli},
  title     = {A tour of {CVC4:} How it works, and how to use it},
  booktitle = {Formal Methods in Computer-Aided Design, {FMCAD} 2014, Lausanne, Switzerland,
               October 21-24, 2014},
  pages     = {7},
  year      = {2014},
  url       = {https://doi.org/10.1109/FMCAD.2014.6987586},
  doi       = {10.1109/FMCAD.2014.6987586},
}
@inproceedings{iProver,
 author    = {Korovin, K.},
 title     = {{iProver} -- An Instantiation-Based 
             Theorem Prover for First-Order Logic (System Description)},
 booktitle = {Proceedings of the 4th 
              International Joint Conference on Automated Reasoning,
              ({IJCAR 2008})},
 editor   = {A. Armando and P. Baumgartner and G. Dowek},
 publisher = {Springer},
 series    = {Lecture Notes in Computer Science},
 pages     = {292-298},
 volume    = {5195},
 year      = {2008}
}
@article{E,
  title={E --- a brainiac theorem prover},
  author={Schulz, Stephan},
  journal={AI Communications},
  volume={15},
  number={2, 3},
  pages={111--126},
  year={2002},
  publisher={IOS Press}
}

@inproceedings{SPASS,
  title={{\sc Spass} Version 3.5.},
  author={Weidenbach, Christoph and Dimova, Dilyana and Fietzke, Arnaud and Kumar, Rohit and Suda, Martin and Wischnewski, Patrick},
  booktitle={CADE},
  volume={5663},
  pages={140--145},
  year={2009},
  organization={Springer}
}

@inproceedings{Vampire,
  title={First-order theorem proving and {Vampire}},
  author={Kov{\'a}cs, Laura and Voronkov, Andrei},
  booktitle={International Conference on Computer Aided Verification},
  pages={1--35},
  year={2013},
  organization={Springer}
}

@inproceedings{portfolio,
  title={The Challenges of Evaluating a New Feature in {Vampire}},
  author={Reger, Giles and Suda, Martin and Voronkov, Andrei},
  booktitle={Vampire Workshop},
  pages={70--74},
  year={2014}
}

@article{predict-success,
  title={Measuring progress to predict success: Can a good proof strategy be evolved?},
  author={Reger, Giles and Suda, Martin},
  journal={AITP 2017},
  year={2017}
}

@article{static1,
  title={{Otter} --- the {CADE}-13 competition incarnations},
  author={McCune, William and Wos, Larry},
  journal={Journal of Automated Reasoning},
  volume={18},
  number={2},
  pages={211--220},
  year={1997},
  publisher={Springer}
}

@inproceedings{static2,
  title={{E}-{MaLeS} 1.1},
  author={K{\"u}hlwein, Daniel and Schulz, Stephan and Urban, Josef},
  booktitle={International Conference on Automated Deduction},
  pages={407--413},
  year={2013},
  organization={Springer}
}

@article{TPTP,
  author={Sutcliffe, G.},
  year={2017},
  title={The {TPTP} Problem Library and Associated Infrastructure, From {CNF} to {TH0}, {TPTP} v6.4.0},
  journal={Journal of Automated Reasoning},
  volume={59},
  number={4},
  pages={483--502}
}

@article{CASC,
  title={The state of {CASC}},
  author={Sutcliffe, Geoff and Suttner, Christian},
  journal={AI Communications},
  volume={19},
  number={1},
  pages={35--48},
  year={2006},
  publisher={IOS press}
}

@inproceedings{cnn,
  title={Imagenet classification with deep convolutional neural networks},
  author={Krizhevsky, Alex and Sutskever, Ilya and Hinton, Geoffrey E},
  booktitle={Advances in neural information processing systems},
  pages={1097--1105},
  year={2012}
}

@inproceedings{gru,
  title={Gated feedback recurrent neural networks},
  author={Chung, Junyoung and Gulcehre, Caglar and Cho, Kyunghyun and Bengio, Yoshua},
  booktitle={International Conference on Machine Learning},
  pages={2067--2075},
  year={2015}
}

@article{sledgehammer,
  title={Three years of experience with Sledgehammer, a practical link between automatic and interactive theorem provers},
  author={Paulson, Lawrence C and Blanchette, Jasmin Christian},
  journal={IWIL-2010},
  volume={1},
  year={2010},
  publisher={Citeseer}
}
