@article{DNGPS,
  title={Deep network guided proof search},
  author={Loos, Sarah and Irving, Geoffrey and Szegedy, Christian and Kaliszyk, Cezary},
  journal={arXiv preprint arXiv:1701.06972},
  year={2017}
}

@inproceedings{graph-cnn,
  title={Convolutional neural networks on graphs with fast localized spectral filtering},
  author={Defferrard, Micha{\"e}l and Bresson, Xavier and Vandergheynst, Pierre},
  booktitle={Advances in neural information processing systems},
  pages={3844--3852},
  year={2016}
}

@article{gcn,
  title={Semi-supervised classification with graph convolutional networks},
  author={Kipf, Thomas N and Welling, Max},
  journal={arXiv preprint arXiv:1609.02907},
  year={2016}
}

@inproceedings{gcn-relational,
  title={Modeling relational data with graph convolutional networks},
  author={Schlichtkrull, Michael and Kipf, Thomas N and Bloem, Peter and Van Den Berg, Rianne and Titov, Ivan and Welling, Max},
  booktitle={European Semantic Web Conference},
  pages={593--607},
  year={2018},
  organization={Springer}
}

@inproceedings{formula-graph,
  title={Premise selection for theorem proving by deep graph embedding},
  author={Wang, Mingzhe and Tang, Yihe and Wang, Jian and Deng, Jia},
  booktitle={Advances in Neural Information Processing Systems},
  pages={2786--2796},
  year={2017}
}

@inproceedings{MaLeCoP,
  title={{MaLeCoP} machine learning connection prover},
  author={Urban, Josef and Vysko{\v{c}}il, Ji{\v{r}}{\'\i} and {\v{S}}t{\v{e}}p{\'a}nek, Petr},
  booktitle={International Conference on Automated Reasoning with Analytic Tableaux and Related Methods},
  pages={263--277},
  year={2011},
  organization={Springer}
}

@inproceedings{FEMaLeCoP,
  title={{FEMaLeCoP}: Fairly efficient machine learning connection prover},
  author={Kaliszyk, Cezary and Urban, Josef},
  booktitle={Logic for Programming, Artificial Intelligence, and Reasoning},
  pages={88--96},
  year={2015},
  organization={Springer}
}

@inproceedings{rlCoP,
  title={Reinforcement learning of theorem proving},
  author={Kaliszyk, Cezary and Urban, Josef and Michalewski, Henryk and Ol{\v{s}}{\'a}k, Miroslav},
  booktitle={Advances in Neural Information Processing Systems},
  pages={8822--8833},
  year={2018}
}

@inproceedings{ENIGMA,
  title={{ENIGMA}: efficient learning-based inference guiding machine},
  author={Jakub{\r u}v, Jan and Urban, Josef},
  booktitle={International Conference on Intelligent Computer Mathematics},
  pages={292--302},
  year={2017},
  organization={Springer}
}

@article{mizar,
  title={Mizar in a nutshell},
  author={Grabowski, Adam and Kornilowicz, Artur and Naumowicz, Adam},
  journal={Journal of Formalized Reasoning},
  volume={3},
  number={2},
  pages={153--245},
  year={2010}
}

@article{MPTP,
  title={{MPTP} 0.2: Design, implementation, and initial experiments},
  author={Urban, Josef},
  journal={Journal of Automated Reasoning},
  volume={37},
  number={1-2},
  pages={21--43},
  year={2006},
  publisher={Springer}
}

@inproceedings{Z3,
  title={Z3: An efficient {SMT} solver},
  author={De Moura, Leonardo and Bj{\o}rner, Nikolaj},
  booktitle={International conference on Tools and Algorithms for the Construction and Analysis of Systems},
  pages={337--340},
  year={2008},
  organization={Springer}
}

@inproceedings{quantifier-instantiation,
  title={Complete instantiation for quantified formulas in satisfiabiliby modulo theories},
  author={Ge, Yeting and De Moura, Leonardo},
  booktitle={International Conference on Computer Aided Verification},
  pages={306--320},
  year={2009},
  organization={Springer}
}

@article{clausification,
  title={The practice of clausification in automatic theorem proving},
  author={Sutcliffe, Geoff and Melville, Stuart},
  year={1996},
  publisher={South African Computer Society (SAICSIT)}
}

@incollection{parallel,
  title={Parallel automated theorem proving},
  author={Suttner, Christian B and Schumann, Johann},
  booktitle={Machine Intelligence and Pattern Recognition},
  volume={14},
  pages={209--257},
  year={1994},
  publisher={Elsevier}
}

@article{reinforcement,
  title={Reinforcement learning: A survey},
  author={Kaelbling, Leslie Pack and Littman, Michael L and Moore, Andrew W},
  journal={Journal of artificial intelligence research},
  volume={4},
  pages={237--285},
  year={1996}
}

@article{imbalanced,
  title={Classification of imbalanced data: A review},
  author={Sun, Yanmin and Wong, Andrew KC and Kamel, Mohamed S},
  journal={International Journal of Pattern Recognition and Artificial Intelligence},
  volume={23},
  number={04},
  pages={687--719},
  year={2009},
  publisher={World Scientific}
}

@article{pytorch,
  title={Automatic differentiation in {PyTorch}},
  author={Paszke, Adam and Gross, Sam and Chintala, Soumith and Chanan, Gregory and Yang, Edward and DeVito, Zachary and Lin, Zeming and Desmaison, Alban and Antiga, Luca and Lerer, Adam},
  year={2017}
}

@inproceedings{pytorch-geometric,
  title={Fast Graph Representation Learning with {PyTorch Geometric}},
  author={Fey, Matthias and Lenssen, Jan E.},
  booktitle={ICLR Workshop on Representation Learning on Graphs and Manifolds},
  year={2019},
}

@article{vampire,
  title={The design and implementation of {VAMPIRE}},
  author={Riazanov, Alexandre and Voronkov, Andrei},
  journal={AI communications},
  volume={15},
  number={2, 3},
  pages={91--110},
  year={2002},
  publisher={IOS Press}
}

@article{TPTP,
  title={The {TPTP} problem library and associated infrastructure},
  author={Sutcliffe, Geoff},
  journal={Journal of Automated Reasoning},
  volume={43},
  number={4},
  pages={337},
  year={2009},
  publisher={Springer}
}

@incollection{AIM,
  title={Loops with abelian inner mapping groups: An application of automated deduction},
  author={Kinyon, Michael and Veroff, Robert and Vojt{\v{e}}chovsk{\`y}, Petr},
  booktitle={Automated Reasoning and Mathematics},
  pages={151--164},
  year={2013},
  publisher={Springer}
}

@article{LRS,
  title={Limited resource strategy in resolution theorem proving},
  author={Riazanov, Alexandre and Voronkov, Andrei},
  journal={Journal of Symbolic Computation},
  volume={36},
  number={1-2},
  pages={101--115},
  year={2003},
  publisher={Elsevier}
}

@inproceedings{non-clausal-connections,
  title={A non-clausal connection calculus},
  author={Otten, Jens},
  booktitle={International Conference on Automated Reasoning with Analytic Tableaux and Related Methods},
  pages={226--241},
  year={2011},
  organization={Springer}
}

@inproceedings{nanocop,
  title={{nanoCoP}: A non-clausal connection prover},
  author={Otten, Jens},
  booktitle={International Joint Conference on Automated Reasoning},
  pages={302--312},
  year={2016},
  organization={Springer}
}

@inproceedings{smtlib,
  title={The {SMT-LIB} standard: Version 2.0},
  author={Barrett, Clark and Stump, Aaron and Tinelli, Cesare and others},
  booktitle={Proceedings of the 8th International Workshop on Satisfiability Modulo Theories (Edinburgh, England)},
  volume={13},
  pages={14},
  year={2010}
}

@inproceedings{tff0,
  title={The {TPTP} typed first-order form with arithmetic},
  author={Sutcliffe, Geoff and Schulz, Stephan and Claessen, Koen and Baumgartner, Peter},
  booktitle={International Conference on Logic for Programming Artificial Intelligence and Reasoning},
  pages={406--419},
  year={2012},
  organization={Springer}
}
