@inproceedings{survey,
  title={A short survey of automated reasoning},
  author={Harrison, John},
  booktitle={International Conference on Algebraic Biology},
  pages={334--349},
  year={2007},
  organization={Springer}
}

@inproceedings{LEO,
  title={LEO II --- a cooperative automatic theorem prover for classical higher-order logic (system description)},
  author={Benzm{\"u}ller, Christoph and Paulson, Lawrence C and Theiss, Frank and Fietzke, Arnaud},
  booktitle={International Joint Conference on Automated Reasoning},
  pages={162--170},
  year={2008},
  organization={Springer}
}

@inproceedings{Satallax,
  title={Satallax: An automatic higher-order prover},
  author={Brown, Chad E},
  booktitle={International Joint Conference on Automated Reasoning},
  pages={111--117},
  year={2012},
  organization={Springer}
}

@article{Isabelle,
  title={Isabelle --- The next 700 theorem provers},
  author={Paulson, Lawrence},
  year={1988}
}

@article{E,
  title={E --- a brainiac theorem prover},
  author={Schulz, Stephan},
  journal={AI Communications},
  volume={15},
  number={2, 3},
  pages={111--126},
  year={2002},
  publisher={IOS Press}
}

@inproceedings{iProver,
  title={iProver --- an instantiation-based theorem prover for first-order logic (system description)},
  author={Korovin, Konstantin},
  booktitle={International Joint Conference on Automated Reasoning},
  pages={292--298},
  year={2008},
  organization={Springer}
}

@inproceedings{CVC4,
  title={A tour of CVC4: how it works, and how to use it},
  author={Deters, Morgan and Reynolds, Andrew and King, Tim and Barrett, Clark and Tinelli, Cesare},
  booktitle={Formal Methods in Computer-Aided Design (FMCAD), 2014},
  pages={7--7},
  year={2014},
  organization={IEEE}
}

@inproceedings{Spass,
  title={SPASS Version 3.5},
  author={Weidenbach, Christoph and Dimova, Dilyana and Fietzke, Arnaud and Kumar, Rohit and Suda, Martin and Wischnewski, Patrick},
  booktitle={International Conference on Automated Deduction},
  pages={140--145},
  year={2009},
  organization={Springer}
}

@inproceedings{Z3,
  title={Z3: An efficient SMT solver},
  author={De Moura, Leonardo and Bj{\o}rner, Nikolaj},
  booktitle={International conference on Tools and Algorithms for the Construction and Analysis of Systems},
  pages={337--340},
  year={2008},
  organization={Springer}
}

@inproceedings{Vampire,
  title={First-order theorem proving and Vampire},
  author={Kov{\'a}cs, Laura and Voronkov, Andrei},
  booktitle={International Conference on Computer Aided Verification},
  pages={1--35},
  year={2013},
  organization={Springer}
}

@inproceedings{Nitpick,
  title={Nitpick: A counterexample generator for higher-order logic based on a relational model finder},
  author={Blanchette, Jasmin Christian and Nipkow, Tobias},
  booktitle={International conference on interactive theorem proving},
  pages={131--146},
  year={2010},
  organization={Springer}
}

@phdthesis{Refute,
  title={SAT-based finite model generation for higher-order logic.},
  author={Weber, Tjark},
  year={2008},
  school={Technical University Munich, Germany}
}

@article{MACE,
  title={MACE4 reference manual and guide},
  author={McCune, William},
  journal={arXiv preprint cs/0310055},
  year={2003}
}

@inproceedings{invariant,
  title={Invariant generation in Vampire},
  author={Hoder, Kry{\v{s}}tof and Kov{\'a}cs, Laura and Voronkov, Andrei},
  booktitle={International Conference on Tools and Algorithms for the Construction and Analysis of Systems},
  pages={60--64},
  year={2011},
  organization={Springer}
}

@article{abduction,
  title={Towards automated first-order abduction: the cut-based approach},
  author={Finger, Marcelo},
  journal={Logic Journal of the IGPL},
  volume={20},
  number={2},
  pages={370--387},
  year={2012},
  publisher={OUP}
}

@incollection{science-abduction,
  title={Automated abduction in scientific discovery},
  author={Ray, Oliver},
  booktitle={Model-Based Reasoning in Science, Technology, and Medicine},
  pages={103--116},
  year={2007},
  publisher={Springer}
}

@article{planning,
  title={Constructing conditional plans by a theorem-prover},
  author={Rintanen, Jussi},
  journal={Journal of Artificial Intelligence Research},
  volume={10},
  pages={323--352},
  year={1999}
}

@article{supervised-learning,
  title={Supervised machine learning: A review of classification techniques},
  author={Kotsiantis, Sotiris B and Zaharakis, I and Pintelas, P},
  journal={Emerging artificial intelligence applications in computer engineering},
  volume={160},
  pages={3--24},
  year={2007}
}

@article{alphago,
  title={Mastering the game of Go with deep neural networks and tree search},
  author={Silver, David and Huang, Aja and Maddison, Chris J and Guez, Arthur and Sifre, Laurent and Van Den Driessche, George and Schrittwieser, Julian and Antonoglou, Ioannis and Panneershelvam, Veda and Lanctot, Marc and others},
  journal={Nature},
  volume={529},
  number={7587},
  pages={484--489},
  year={2016},
  publisher={Nature Research}
}

@phdthesis{bridge,
  title={Machine Learning and Automated Theorem Proving},
  author={Bridge, James P.},
  year={2010},
  school={Computer Laboratory, University of Cambridge}
}

@article{SVM,
  title={Support vector machines: hype or hallelujah?},
  author={Bennett, Kristin P and Campbell, Colin},
  journal={ACM SIGKDD Explorations Newsletter},
  volume={2},
  number={2},
  pages={1--13},
  year={2000},
  publisher={ACM}
}

@article{axiom-selection-survey,
  title={A Survey of Axiom Selection as a Machine Learning Problem},
  author={Blanchette, Jasmin Christian and K{\"u}hlwein, Daniel},
  journal={Infinity, Computability, and Metamathematics: Festschrift Celebrating the 60th Birthdays of Peter Koepke and Philip Welch, Tributes, College Publications},
  year={2014}
}

@article{axiom-selection-bayes,
  title={Learning-assisted automated reasoning with Flyspeck},
  author={Kaliszyk, Cezary and Urban, Josef},
  journal={Journal of Automated Reasoning},
  volume={53},
  number={2},
  pages={173--213},
  year={2014},
  publisher={Springer}
}

@inproceedings{axiom-selection-sledgehammer,
  title={{MaSh}: machine learning for Sledgehammer},
  author={K{\"u}hlwein, Daniel and Blanchette, Jasmin Christian and Kaliszyk, Cezary and Urban, Josef},
  booktitle={International Conference on Interactive Theorem Proving},
  pages={35--50},
  year={2013},
  organization={Springer}
}

@inproceedings{axiom-selection-sequence,
  title={DeepMath --- deep sequence models for premise selection},
  author={Irving, Geoffrey and Szegedy, Christian and Alemi, Alexander A and Een, Niklas and Chollet, Francois and Urban, Josef},
  booktitle={Advances in Neural Information Processing Systems},
  pages={2235--2243},
  year={2016}
}

@inproceedings{axiom-selection-graph,
  title={Premise Selection for Theorem Proving by Deep Graph Embedding},
  author={Wang, Mingzhe and Tang, Yihe and Wang, Jian and Deng, Jia},
  booktitle={Advances in Neural Information Processing Systems},
  pages={2783--2793},
  year={2017}
}

@article{MaLeS,
  title={{MaLeS}: A framework for automatic tuning of automated theorem provers},
  author={K{\"u}hlwein, Daniel and Urban, Josef},
  journal={Journal of Automated Reasoning},
  volume={55},
  number={2},
  pages={91--116},
  year={2015},
  publisher={Springer}
}

@inproceedings{MaLeCoP,
  title={{MaLeCoP} machine learning connection prover},
  author={Urban, Josef and Vysko{\v{c}}il, Ji{\v{r}}{\'\i} and {\v{S}}t{\v{e}}p{\'a}nek, Petr},
  booktitle={International Conference on Automated Reasoning with Analytic Tableaux and Related Methods},
  pages={263--277},
  year={2011},
  organization={Springer}
}

@inproceedings{FEMaLeCoP,
  title={{FEMaLeCoP}: Fairly efficient machine learning connection prover},
  author={Kaliszyk, Cezary and Urban, Josef},
  booktitle={Logic for Programming, Artificial Intelligence, and Reasoning},
  pages={88--96},
  year={2015},
  organization={Springer}
}

@article{MPTP,
  title={MPTP --- motivation, implementation, first experiments},
  author={Urban, Josef},
  journal={Journal of Automated Reasoning},
  volume={33},
  number={3-4},
  pages={319--339},
  year={2004},
  publisher={Springer}
}

@article{deep-proof-search,
  title={Deep network guided proof search},
  author={Loos, Sarah and Irving, Geoffrey and Szegedy, Christian and Kaliszyk, Cezary},
  journal={arXiv preprint arXiv:1701.06972},
  year={2017}
}

@article{GCN,
  title={Semi-supervised classification with graph convolutional networks},
  author={Kipf, Thomas N and Welling, Max},
  journal={arXiv preprint arXiv:1609.02907},
  year={2016}
}

@inproceedings{AITP,
  title={Dynamic Strategy Priority: Empower the strong and abandon the weak.},
  author={Rawson, Michael and Reger, Giles},
  year={2018},
  series={Artificial Intelligence in Theorem Proving},
  URL={http://aitp-conference.org/2018/aitp18-proceedings.pdf}
}

@inproceedings{ARW,
  title={Designing a proof calculus for the application of learned search heuristics},
  author={Rawson, Michael and Reger, Giles},
  year={2018},
  series={Automated Reasoning Workshop},
  URL={http://www.cl.cam.ac.uk/events/arw2018/arw2018-proc.pdf}
}
