@inproceedings{RawsonReger:PAAR2018,
title = {Dynamic Strategy Priority: Empower the strong and abandon the weak},
author = {Michael Rawson and Giles Reger},
pages = {58--71},
booktitle={Proceedings of the 6th Workshop on Practical Aspects of Automated Reasoning (PAAR)},
yearh={2018},
url = {http://ceur-ws.org/Vol-2162/#paper-06},
}
@inproceedings{CVC4,
  author    = {Morgan Deters and
               Andrew Reynolds and
               Tim King and
               Clark W. Barrett and
               Cesare Tinelli},
  title     = {A tour of {CVC4:} How it works, and how to use it},
  booktitle = {Formal Methods in Computer-Aided Design, {FMCAD} 2014, Lausanne, Switzerland,
               October 21-24, 2014},
  pages     = {7},
  year      = {2014},
  url       = {https://doi.org/10.1109/FMCAD.2014.6987586},
  doi       = {10.1109/FMCAD.2014.6987586},
}
@inproceedings{iProver,
 author    = {Korovin, K.},
 title     = {{iProver} -- An Instantiation-Based 
             Theorem Prover for First-Order Logic (System Description)},
 booktitle = {Proceedings of the 4th 
              International Joint Conference on Automated Reasoning,
              ({IJCAR 2008})},
 publisher = {Springer},
 series    = {Lecture Notes in Computer Science},
 pages     = {292-298},
 volume    = {5195},
 year      = {2008}
}
@article{E,
  title={E --- a brainiac theorem prover},
  author={Schulz, Stephan},
  journal={AI Communications},
  volume={15},
  number={2, 3},
  pages={111--126},
  year={2002},
  publisher={IOS Press}
}

@inproceedings{SPASS,
  title={{\sc Spass} Version 3.5.},
  author={Weidenbach, Christoph and Dimova, Dilyana and Fietzke, Arnaud and Kumar, Rohit and Suda, Martin and Wischnewski, Patrick},
  booktitle={CADE},
  volume={5663},
  pages={140--145},
  year={2009},
  organization={Springer}
}

@inproceedings{Vampire,
  title={First-order theorem proving and {Vampire}},
  author={Kov{\'a}cs, Laura and Voronkov, Andrei},
  booktitle={International Conference on Computer Aided Verification},
  pages={1--35},
  year={2013},
  organization={Springer}
}

@inproceedings{portfolio,
  title={The Challenges of Evaluating a New Feature in {Vampire}},
  author={Reger, Giles and Suda, Martin and Voronkov, Andrei},
  booktitle={Vampire Workshop},
  pages={70--74},
  year={2014}
}

@article{TPTP,
  author={Sutcliffe, G.},
  year={2017},
  title={The {TPTP} Problem Library and Associated Infrastructure, From {CNF} to {TH0}, {TPTP} v6.4.0},
  journal={Journal of Automated Reasoning},
  volume={59},
  number={4},
  pages={483--502}
}

@article{CASC,
  title={The state of {CASC}},
  author={Sutcliffe, Geoff and Suttner, Christian},
  journal={AI Communications},
  volume={19},
  number={1},
  pages={35--48},
  year={2006},
  publisher={IOS press}
}

@article{dngps,
  title={Deep network guided proof search},
  author={Loos, Sarah and Irving, Geoffrey and Szegedy, Christian and Kaliszyk, Cezary},
  journal={arXiv preprint arXiv:1701.06972},
  year={2017}
}

@inproceedings{femalecop,
  title={{FEMaLeCoP}: Fairly efficient machine learning connection prover},
  author={Kaliszyk, Cezary and Urban, Josef},
  booktitle={Logic for Programming, Artificial Intelligence, and Reasoning},
  pages={88--96},
  year={2015},
  organization={Springer}
}

@inproceedings{enigma,
  title={{ENIGMA}: efficient learning-based inference guiding machine},
  author={Jakubuv, Jan and Urban, Josef},
  booktitle={International Conference on Intelligent Computer Mathematics},
  pages={292--302},
  year={2017},
  organization={Springer}
}

@article{montecop,
  title={Monte Carlo connection prover},
  author={F{\"a}rber, Michael and Kaliszyk, Cezary and Urban, Josef},
  journal={arXiv preprint arXiv:1611.05990},
  year={2016}
}

@inproceedings{GCN,
  title={Convolutional neural networks on graphs with fast localized spectral filtering},
  author={Defferrard, Micha{\"e}l and Bresson, Xavier and Vandergheynst, Pierre},
  booktitle={Advances in Neural Information Processing Systems},
  pages={3844--3852},
  year={2016}
}

@inproceedings{gcn-premise,
  title={Premise selection for theorem proving by deep graph embedding},
  author={Wang, Mingzhe and Tang, Yihe and Wang, Jian and Deng, Jia},
  booktitle={Advances in Neural Information Processing Systems},
  pages={2786--2796},
  year={2017}
}
