@inproceedings{Vampire,
  title={First-order theorem proving and {Vampire}},
  author={Kov{\'a}cs, Laura and Voronkov, Andrei},
  booktitle={International Conference on Computer Aided Verification},
  pages={1--35},
  year={2013},
  organization={Springer}
}

@article{TPTP,
  author={Sutcliffe, G.},
  year={2017},
  title={The {TPTP} Problem Library and Associated Infrastructure, From {CNF} to {TH0}, {TPTP} v6.4.0},
  journal={Journal of Automated Reasoning},
  volume={59},
  number={4},
  pages={483--502}
}
