@Inproceedings{playing,
author="Reger, Giles
and Suda, Martin
and Voronkov, Andrei",
editor="Felty, P. Amy
and Middeldorp, Aart",
title="Playing with {AVATAR}",
booktitle="Automated Deduction - CADE-25: 25th International Conference on Automated Deduction, Berlin, Germany, August 1-7, 2015, Proceedings",
year="2015",
publisher="Springer International Publishing",
address="Cham",
pages="399--415",
isbn="978-3-319-21401-6",
doi="10.1007/978-3-319-21401-6_28",
url="http://dx.doi.org/10.1007/978-3-319-21401-6_28"
}

@incollection{avatar,
year={2014},
isbn={978-3-319-08866-2},
booktitle={Computer Aided Verification},
volume={8559},
series={Lecture Notes in Computer Science},
editor={Biere, Armin and Bloem, Roderick},
doi={10.1007/978-3-319-08867-9_46},
title={{AVATAR}: The Architecture for First-Order Theorem Provers},
url={http://dx.doi.org/10.1007/978-3-319-08867-9_46},
publisher={Springer International Publishing},
author={Voronkov, Andrei},
pages={696-710},
language={English}
}
@misc{starexec,
  author =       {Aaron Stump and Geoff Sutcliffe and Cesare Tinelli},
  title =        {{StarExec, a cross community logic solving service}},
  howpublished = {\url{https://www.starexec.org}},
  year = 2012,
}
@Inproceedings{Reger2016sat,
author="Reger, Giles
and Suda, Martin
and Voronkov, Andrei",
editor="Creignou, Nadia
and Le Berre, Daniel",
title="Finding Finite Models in Multi-sorted First-Order Logic",
bookTitle="Theory and Applications of Satisfiability Testing -- SAT 2016: 19th International Conference, Bordeaux, France, July 5-8, 2016, Proceedings",
year="2016",
publisher="Springer International Publishing",
pages="323--341",
}
@InProceedings{instgen,
  Title                    = {New Directions in Instantiation-Based Theorem Proving},
  Author                   = {Ganzinger, H. and Korovin, K.},
  Booktitle                = {Proc.\ {LICS}'03},
  Year                     = {2003},
  Pages                    = {55--64}
}

@Article{LRS,
  Title                    = {Limited Resource Strategy in Resolution Theorem Proving},
  Author                   = {A. Riazanov and A. Voronkov},
  Journal                  = {J. Symb. Comp.},
  Year                     = {2003},
  Number                   = {1-2},
  Pages                    = {101-115},
  Volume                   = {36}
}

@InCollection{resolutionHandbook,
  Title                    = {Resolution Theorem Proving},
  Author                   = {L. Bachmair and H. Ganzinger},
  Booktitle                = {Handbook of Automated Reasoning},
  Publisher                = {Elsevier Science},
  Year                     = {2001},
  Chapter                  = {2},
  Editor                   = {A. Robinson and A. Voronkov},
  Pages                    = {19-99},
  Volume                   = {I}
}

@inproceedings{CVC4,
  author    = {Morgan Deters and
               Andrew Reynolds and
               Tim King and
               Clark W. Barrett and
               Cesare Tinelli},
  title     = {A tour of {CVC4:} How it works, and how to use it},
  booktitle = {Formal Methods in Computer-Aided Design, {FMCAD} 2014, Lausanne, Switzerland,
               October 21-24, 2014},
  pages     = {7},
  year      = {2014},
  url       = {https://doi.org/10.1109/FMCAD.2014.6987586},
  doi       = {10.1109/FMCAD.2014.6987586},
}

@inproceedings{iProver,
 author    = {Korovin, K.},
 title     = {{iProver} -- An Instantiation-Based 
             Theorem Prover for First-Order Logic (System Description)},
 booktitle = {Proceedings of the 4th 
              International Joint Conference on Automated Reasoning,
              ({IJCAR 2008})},
 editor   = {A. Armando and P. Baumgartner and G. Dowek},
 publisher = {Springer},
 series    = {Lecture Notes in Computer Science},
 pages     = {292-298},
 volume    = {5195},
 year      = {2008}
}

@article{E,
  title={E --- a brainiac theorem prover},
  author={Schulz, Stephan},
  journal={AI Communications},
  volume={15},
  number={2, 3},
  pages={111--126},
  year={2002},
  publisher={IOS Press}
}

@inproceedings{SPASS,
  title={{\sc Spass} Version 3.5.},
  author={Weidenbach, Christoph and Dimova, Dilyana and Fietzke, Arnaud and Kumar, Rohit and Suda, Martin and Wischnewski, Patrick},
  booktitle={CADE},
  volume={5663},
  pages={140--145},
  year={2009},
  organization={Springer}
}

@inproceedings{Vampire,
  title={First-order theorem proving and {Vampire}},
  author={Kov{\'a}cs, Laura and Voronkov, Andrei},
  booktitle={International Conference on Computer Aided Verification},
  pages={1--35},
  year={2013},
  organization={Springer}
}

@inproceedings{portfolio,
  title={The Challenges of Evaluating a New Feature in {Vampire}},
  author={Reger, Giles and Suda, Martin and Voronkov, Andrei},
  booktitle={Vampire Workshop},
  pages={70--74},
  year={2014}
}

@article{predict-success,
  title={Measuring progress to predict success: Can a good proof strategy be evolved?},
  author={Reger, Giles and Suda, Martin},
  journal={AITP 2017},
  year={2017}
}

@article{static1,
  title={{Otter} --- the {CADE}-13 competition incarnations},
  author={McCune, William and Wos, Larry},
  journal={Journal of Automated Reasoning},
  volume={18},
  number={2},
  pages={211--220},
  year={1997},
  publisher={Springer}
}

@inproceedings{static2,
  title={{E}-{MaLeS} 1.1},
  author={K{\"u}hlwein, Daniel and Schulz, Stephan and Urban, Josef},
  booktitle={International Conference on Automated Deduction},
  pages={407--413},
  year={2013},
  organization={Springer}
}

@article{TPTP,
  author={Sutcliffe, G.},
  year={2017},
  title={The {TPTP} Problem Library and Associated Infrastructure, From {CNF} to {TH0}, {TPTP} v6.4.0},
  journal={Journal of Automated Reasoning},
  volume={59},
  number={4},
  pages={483--502}
}

@article{CASC,
  title={The state of {CASC}},
  author={Sutcliffe, Geoff and Suttner, Christian},
  journal={AI Communications},
  volume={19},
  number={1},
  pages={35--48},
  year={2006},
  publisher={IOS press}
}

@inproceedings{cnn,
  title={Imagenet classification with deep convolutional neural networks},
  author={Krizhevsky, Alex and Sutskever, Ilya and Hinton, Geoffrey E},
  booktitle={Advances in neural information processing systems},
  pages={1097--1105},
  year={2012}
}

@inproceedings{gru,
  title={Gated feedback recurrent neural networks},
  author={Chung, Junyoung and Gulcehre, Caglar and Cho, Kyunghyun and Bengio, Yoshua},
  booktitle={International Conference on Machine Learning},
  pages={2067--2075},
  year={2015}
}

@article{sledgehammer,
  title={Three years of experience with Sledgehammer, a practical link between automatic and interactive theorem provers},
  author={Paulson, Lawrence C and Blanchette, Jasmin Christian},
  journal={IWIL-2010},
  volume={1},
  year={2010},
  publisher={Citeseer}
}

@inproceedings{smt-lib,
  title={The smt-lib standard: Version 2.0},
  author={Barrett, Clark and Tinelli, Cesare and others}
}

@article{backpropagation,
  title={Learning representations by back-propagating errors},
  author={Rumelhart, David E and Hinton, Geoffrey E and Williams, Ronald J},
  journal={nature},
  volume={323},
  number={6088},
  pages={533},
  year={1986},
  publisher={Nature Publishing Group}
}

@inproceedings{deepmath,
  title={{DeepMath} --- deep sequence models for premise selection},
  author={Irving, Geoffrey and Szegedy, Christian and Alemi, Alexander A and Een, Niklas and Chollet, Francois and Urban, Josef},
  booktitle={Advances in Neural Information Processing Systems},
  pages={2235--2243},
  year={2016}
}

@inproceedings{mash,
  title={{MaSh}: machine learning for sledgehammer},
  author={K{\"u}hlwein, Daniel and Blanchette, Jasmin Christian and Kaliszyk, Cezary and Urban, Josef},
  booktitle={International Conference on Interactive Theorem Proving},
  pages={35--50},
  year={2013},
  organization={Springer}
}

@article{malarea,
  title={{MaLARea}: a Metasystem for Automated Reasoning in Large Theories.},
  author={Urban, Josef},
  journal={ESARLT},
  volume={257},
  year={2007}
}

@inproceedings{deep-graph-embedding,
  title={Premise Selection for Theorem Proving by Deep Graph Embedding},
  author={Wang, Mingzhe and Tang, Yihe and Wang, Jian and Deng, Jia},
  booktitle={Advances in Neural Information Processing Systems},
  pages={2783--2793},
  year={2017}
}

@article{bridge,
  title={Machine learning for first-order theorem proving},
  author={Bridge, James P and Holden, Sean B and Paulson, Lawrence C},
  journal={Journal of automated reasoning},
  volume={53},
  number={2},
  pages={141--172},
  year={2014},
  publisher={Springer}
}

@article{males,
  title={MaLeS: A framework for automatic tuning of automated theorem provers},
  author={K{\"u}hlwein, Daniel and Urban, Josef},
  journal={Journal of Automated Reasoning},
  volume={55},
  number={2},
  pages={91--116},
  year={2015},
  publisher={Springer}
}

@inproceedings{e-males,
  title={{E-MaLeS} 1.1},
  author={K{\"u}hlwein, Daniel and Schulz, Stephan and Urban, Josef},
  booktitle={International Conference on Automated Deduction},
  pages={407--413},
  year={2013},
  organization={Springer}
}

@inproceedings{malecop,
  title={{MaLeCoP} machine learning connection prover},
  author={Urban, Josef and Vysko{\v{c}}il, Ji{\v{r}}{\'\i} and {\v{S}}t{\v{e}}p{\'a}nek, Petr},
  booktitle={International Conference on Automated Reasoning with Analytic Tableaux and Related Methods},
  pages={263--277},
  year={2011},
  organization={Springer}
}

@inproceedings{femalecop,
  title={{FEMaLeCoP}: Fairly efficient machine learning connection prover},
  author={Kaliszyk, Cezary and Urban, Josef},
  booktitle={Logic for Programming, Artificial Intelligence, and Reasoning},
  pages={88--96},
  year={2015},
  organization={Springer}
}

@article{deep-proof-search,
  title={Deep network guided proof search},
  author={Loos, Sarah and Irving, Geoffrey and Szegedy, Christian and Kaliszyk, Cezary},
  journal={arXiv preprint arXiv:1701.06972},
  year={2017}
}

@article{svm,
  title={Least squares support vector machine classifiers},
  author={Suykens, Johan AK and Vandewalle, Joos},
  journal={Neural processing letters},
  volume={9},
  number={3},
  pages={293--300},
  year={1999},
  publisher={Springer}
}

@incollection{decision-tree,
  title={Learning efficient classification procedures and their application to chess end games},
  author={Quinlan, J Ross},
  booktitle={Machine Learning, Volume I},
  pages={463--482},
  year={1983},
  publisher={Elsevier}
}

@misc{keras,
  title={Keras},
  author={Chollet, Fran\c{c}ois and others},
  year={2015},
  howpublished={\url{https://keras.io}},
}

@article{scikit-learn,
 title={Scikit-learn: Machine Learning in {P}ython},
 author={Pedregosa, F. and Varoquaux, G. and Gramfort, A. and Michel, V.
         and Thirion, B. and Grisel, O. and Blondel, M. and Prettenhofer, P.
         and Weiss, R. and Dubourg, V. and Vanderplas, J. and Passos, A. and
         Cournapeau, D. and Brucher, M. and Perrot, M. and Duchesnay, E.},
 journal={Journal of Machine Learning Research},
 volume={12},
 pages={2825--2830},
 year={2011}
}

@inproceedings{tensorflow,
  title={TensorFlow: A System for Large-Scale Machine Learning.},
  author={Abadi, Mart{\'\i}n and Barham, Paul and Chen, Jianmin and Chen, Zhifeng and Davis, Andy and Dean, Jeffrey and Devin, Matthieu and Ghemawat, Sanjay and Irving, Geoffrey and Isard, Michael and others},
  booktitle={OSDI},
  volume={16},
  pages={265--283},
  year={2016}
}

@inproceedings{ET,
  title={System description: ET 0.1},
  author={Kaliszyk, Cezary and Schulz, Stephan and Urban, Josef and Vysko{\v{c}}il, Ji{\v{r}}{\'\i}},
  booktitle={International Conference on Automated Deduction},
  pages={389--398},
  year={2015},
  organization={Springer}
}
