@inproceedings{iProver,
 author    = {Korovin, K.},
 title     = {{iProver} -- An Instantiation-Based 
             Theorem Prover for First-Order Logic},
 booktitle = {{IJCAR 2008}},
 publisher = {Springer},
 pages     = {292-298},
 volume    = {5195},
 year      = {2008}
}

@article{E,
  title={E --- a brainiac theorem prover},
  author={Schulz, Stephan},
  journal={AI Communications},
  volume={15},
  number={2, 3},
  pages={111--126},
  year={2002},
  publisher={IOS Press}
}

@inproceedings{SPASS,
  title={{\sc Spass} Version 3.5.},
  author={Weidenbach, Christoph and Dimova, Dilyana and Fietzke, Arnaud and Kumar, Rohit and Suda, Martin and Wischnewski, Patrick},
  booktitle={CADE},
  volume={5663},
  pages={140--145},
  year={2009},
  organization={Springer}
}

@inproceedings{Vampire,
  title={First-order theorem proving and {Vampire}},
  author={Kov{\'a}cs, Laura and Voronkov, Andrei},
  booktitle={CAV},
  pages={1--35},
  year={2013},
  organization={Springer}
}

@inproceedings{AlexNet,
  title={ImageNet classification with deep convolutional neural networks},
  author={Krizhevsky, Alex and Sutskever, Ilya and Hinton, Geoffrey E},
  booktitle={Advances in neural information processing systems},
  pages={1097--1105},
  year={2012}
}

@article{sentiment,
  title={Aspect extraction for opinion mining with a deep convolutional neural network},
  author={Poria, Soujanya and Cambria, Erik and Gelbukh, Alexander},
  journal={Knowledge-Based Systems},
  volume={108},
  pages={42--49},
  year={2016},
  publisher={Elsevier}
}

@article{AlphaGo,
  title={Mastering the game of {Go} with deep neural networks and tree search},
  author={Silver, David and Huang, Aja and Maddison, Chris J and Guez, Arthur and Sifre, Laurent and Van Den Driessche, George and Schrittwieser, Julian and Antonoglou, Ioannis and Panneershelvam, Veda and Lanctot, Marc and others},
  journal={nature},
  volume={529},
  number={7587},
  pages={484--489},
  year={2016},
  publisher={Nature Research}
}

@inproceedings{discount,
  title={{DISCOUNT}: A system for distributed equational deduction},
  author={Avenhaus, J{\"u}rgen and Denzinger, J{\"o}rg and Fuchs, Matthias},
  booktitle={RTA},
  pages={397--402},
  year={1995},
  organization={Springer}
}

@techreport{Otter,
  title={Otter 3.0 reference manual and guide},
  author={McCune, William W.},
  year={1994},
  institution={Argonne National Laboratory}
}

@book{curry-howard,
  title={Lectures on the Curry-Howard isomorphism},
  author={S{\o}rensen, Morten Heine and Urzyczyn, Pawel},
  volume={149},
  year={2006},
  publisher={Elsevier}
}

@article{LF,
  title={A framework for defining logics},
  author={Harper, Robert and Honsell, Furio and Plotkin, Gordon},
  journal={Journal of the ACM},
  volume={40},
  number={1},
  pages={143--184},
  year={1993},
  publisher={ACM}
}

@book{Agda,
  title={Towards a practical programming language based on dependent type theory},
  author={Norell, Ulf},
  volume={32},
  year={2007},
  publisher={Citeseer}
}

@inproceedings{mcps,
  title={{Monte Carlo} tableau proof search},
  author={F{\"a}rber, Michael and Kaliszyk, Cezary and Urban, Josef},
  booktitle={CADE},
  pages={563--579},
  year={2017},
  organization={Springer}
}
