@phdthesis{bridge,
  title={Machine learning and automated theorem proving},
  author={Bridge, James P},
  year={2010},
  institution={University of Cambridge, Computer Laboratory}
}
