@inproceedings{Vampire,
  title={First-order theorem proving and {Vampire}},
  author={Kov{\'a}cs, Laura and Voronkov, Andrei},
  booktitle={International Conference on Computer Aided Verification},
  pages={1--35},
  year={2013},
  organization={Springer}
}

@inproceedings{portfolio,
  title={The Challenges of Evaluating a New Feature in {Vampire}},
  author={Reger, Giles and Suda, Martin and Voronkov, Andrei},
  booktitle={Vampire Workshop},
  pages={70--74},
  year={2014}
}

@article{predict-success,
  title={Measuring progress to predict success: Can a good proof strategy be evolved?},
  author={Reger, Giles and Suda, Martin},
  journal={AITP 2017},
  year={2017}
}

@article{turing,
  title={On computable numbers, with an application to the {Entscheidungsproblem}},
  author={Turing, Alan Mathison},
  journal={Proceedings of the London Mathematical Society},
  volume={2},
  number={1},
  pages={230--265},
  year={1937},
  publisher={Wiley Online Library}
}

@article{overfitting,
  title={Overfitting and undercomputing in machine learning},
  author={Dietterich, Tom},
  journal={ACM computing surveys (CSUR)},
  volume={27},
  number={3},
  pages={326--327},
  year={1995},
  publisher={ACM}
}

@article{TPTP,
  author={Sutcliffe, G.},
  year={2017},
  title={The {TPTP} Problem Library and Associated Infrastructure, From {CNF} to {TH0}, {TPTP} v6.4.0},
  journal={Journal of Automated Reasoning},
  volume={59},
  number={4},
  pages={483--502}
}

@article{CASC,
  title={The state of {CASC}},
  author={Sutcliffe, Geoff and Suttner, Christian},
  journal={AI Communications},
  volume={19},
  number={1},
  pages={35--48},
  year={2006},
  publisher={IOS press}
}

@inproceedings{cross-validation,
  title={A study of cross-validation and bootstrap for accuracy estimation and model selection},
  author={Kohavi, Ron and others},
  booktitle={IJCAI},
  volume={14},
  number={2},
  pages={1137--1145},
  year={1995},
  organization={Stanford, CA}
}
