@article{vampire,
  title={The design and implementation of {VAMPIRE}},
  author={Riazanov, Alexandre and Voronkov, Andrei},
  journal={AI communications},
  volume={15},
  number={2, 3},
  pages={91--110},
  year={2002},
  publisher={IOS Press}
}

@article{portfolio,
  title={Dynamic strategy priority: Empower the strong and abandon the weak},
  author={Rawson, Michael and Reger, Giles},
  journal={AITP 2018},
  year={2018}
}

@article{slowly-growing,
  title={Measuring progress to predict success: Can a good proof strategy be evolved?},
  author={Reger, Giles and Suda, Martin},
  journal={AITP 2017},
  year={2017}
}

@inproceedings{fewest-children,
  title={Selecting the selection},
  author={Hoder, Kry{\v{s}}tof and Reger, Giles and Suda, Martin and Voronkov, Andrei},
  booktitle={International Joint Conference on Automated Reasoning},
  pages={313--329},
  year={2016},
  organization={Springer}
}

@inproceedings{premise-selection,
  title={Premise selection for theorem proving by deep graph embedding},
  author={Wang, Mingzhe and Tang, Yihe and Wang, Jian and Deng, Jia},
  booktitle={Advances in Neural Information Processing Systems},
  pages={2786--2796},
  year={2017}
}

@inproceedings{rlcop,
  title={Reinforcement learning of theorem proving},
  author={Kaliszyk, Cezary and Urban, Josef and Michalewski, Henryk and Ol{\v{s}}{\'a}k, Miroslav},
  booktitle={Advances in Neural Information Processing Systems},
  pages={8822--8833},
  year={2018}
}

@article{dngps,
  title={Deep network guided proof search},
  author={Loos, Sarah and Irving, Geoffrey and Szegedy, Christian and Kaliszyk, Cezary},
  journal={arXiv preprint arXiv:1701.06972},
  year={2017}
}

@inproceedings{enigma,
  title={{ENIGMA}: efficient learning-based inference guiding machine},
  author={Jakub{\r u}v, Jan and Urban, Josef},
  booktitle={International Conference on Intelligent Computer Mathematics},
  pages={292--302},
  year={2017},
  organization={Springer}
}

@article{reinforcement,
  title={Reinforcement learning: A survey},
  author={Kaelbling, Leslie Pack and Littman, Michael L and Moore, Andrew W},
  journal={Journal of artificial intelligence research},
  volume={4},
  pages={237--285},
  year={1996}
}

@article{random-action,
  title={Ranking and selection},
  author={Powell, Warren B and Ryzhov, Ilya O},
  journal={Chapter 4 in Optimal Learning},
  pages={71--88},
  year={2012},
  publisher={John Wiley and Sons}
}

@article{q-learning,
  title={Q-learning},
  author={Watkins, Christopher JCH and Dayan, Peter},
  journal={Machine learning},
  volume={8},
  number={3-4},
  pages={279--292},
  year={1992},
  publisher={Springer}
}

@article{gcn,
  title={Semi-supervised classification with graph convolutional networks},
  author={Kipf, Thomas N and Welling, Max},
  journal={arXiv preprint arXiv:1609.02907},
  year={2016}
}

@inproceedings{a3c,
  title={Asynchronous methods for deep reinforcement learning},
  author={Mnih, Volodymyr and Badia, Adria Puigdomenech and Mirza, Mehdi and Graves, Alex and Lillicrap, Timothy and Harley, Tim and Silver, David and Kavukcuoglu, Koray},
  booktitle={International conference on machine learning},
  pages={1928--1937},
  year={2016}
}
