@phdthesis{bridge,
  title={Machine learning and automated theorem proving},
  author={Bridge, James P},
  year={2010},
  institution={University of Cambridge, Computer Laboratory}
}

@unpublished{vampire2018,
title= {A Statistical Analysis of Vampire Proofs},
author = {Rawson, Michael and Reger, Giles},
year = {2018},
note={Vampire Workshop},
URL= {https://easychair.org/smart-slide/slide/9v32},
}

@inproceedings{paar2018,
  title={Dynamic strategy priority: Empower the strong and abandon the weak},
  author={Rawson, Michael and Reger, Giles},
  booktitle={Practical Aspects of Automated Reasoning},
  pages={58--71},
  year={2018},
  organization={CEUR-WS}
}

@misc{aitp2019,
  title={Towards an efficient architecture for intelligent theorem provers},
  author={Rawson, Michael and Reger, Giles},
  year={2019},
  publisher={AITP}
}

@inproceedings{cade2019,
  title={Old or Heavy? Decaying Gracefully with Age/Weight Shapes},
  author={Rawson, Michael and Reger, Giles},
  booktitle={International Conference on Automated Deduction},
  pages={462--476},
  year={2019},
  organization={Springer}
}

@inproceedings{frocos2019,
  title={A Neurally-Guided, Parallel Theorem Prover},
  author={Rawson, Michael and Reger, Giles},
  booktitle={International Symposium on Frontiers of Combining Systems},
  pages={40--56},
  year={2019},
  organization={Springer}
}
